<?xml version="1.0" encoding="UTF-8"?><collection xmlns="http://www.loc.gov/MARC21/slim"><record><leader>00374nam--2200133-i-4500</leader><controlfield tag="001">000019213</controlfield><controlfield tag="002">20161230</controlfield><controlfield tag="005">20161230201033</controlfield><controlfield tag="008">060222s1000------------r-----000-0-eng-d</controlfield><datafield ind1=" " ind2=" " tag="080"><subfield code="a">515.69:72.012</subfield></datafield><datafield ind1=" " ind2=" " tag="100"><subfield code="a">Dragomir, Virgil</subfield></datafield><datafield ind1=" " ind2=" " tag="245"><subfield code="a">Reprezentari axonometrice in constructii si arhitectura</subfield></datafield><datafield ind1=" " ind2=" " tag="260"><subfield code="a">Bucuresti, Editura Tehnica, 1970. 207 P. + 14/3 Fig</subfield></datafield><datafield ind1=" " ind2=" " tag="852"><subfield code="a">33583</subfield></datafield></record></collection>